%YAML 1.1
%TAG !u! tag:unity3d.com,2011:
--- !u!1 &128376
GameObject:
  m_ObjectHideFlags: 1
  m_PrefabParentObject: {fileID: 0}
  m_PrefabInternal: {fileID: 100100000}
  serializedVersion: 4
  m_Component:
  - 4: {fileID: 467646}
  - 137: {fileID: 13757418}
  m_Layer: 0
  m_Name: Box001
  m_TagString: Untagged
  m_Icon: {fileID: 0}
  m_NavMeshLayer: 0
  m_StaticEditorFlags: 0
  m_IsActive: 1
--- !u!1 &131704
GameObject:
  m_ObjectHideFlags: 0
  m_PrefabParentObject: {fileID: 0}
  m_PrefabInternal: {fileID: 100100000}
  serializedVersion: 4
  m_Component:
  - 4: {fileID: 461666}
  - 95: {fileID: 9578946}
  m_Layer: 0
  m_Name: SpaceRadio
  m_TagString: Untagged
  m_Icon: {fileID: 0}
  m_NavMeshLayer: 0
  m_StaticEditorFlags: 0
  m_IsActive: 1
--- !u!1 &138768
GameObject:
  m_ObjectHideFlags: 1
  m_PrefabParentObject: {fileID: 0}
  m_PrefabInternal: {fileID: 100100000}
  serializedVersion: 4
  m_Component:
  - 4: {fileID: 420760}
  m_Layer: 0
  m_Name: Bone002
  m_TagString: Untagged
  m_Icon: {fileID: 0}
  m_NavMeshLayer: 0
  m_StaticEditorFlags: 0
  m_IsActive: 1
--- !u!1 &151976
GameObject:
  m_ObjectHideFlags: 0
  m_PrefabParentObject: {fileID: 0}
  m_PrefabInternal: {fileID: 100100000}
  serializedVersion: 4
  m_Component:
  - 4: {fileID: 480718}
  - 54: {fileID: 5429646}
  - 65: {fileID: 6504026}
  - 114: {fileID: 11442524}
  - 82: {fileID: 8288830}
  - 114: {fileID: 11470452}
  m_Layer: 8
  m_Name: SpaceRadio
  m_TagString: Tile
  m_Icon: {fileID: 0}
  m_NavMeshLayer: 0
  m_StaticEditorFlags: 0
  m_IsActive: 0
--- !u!1 &165454
GameObject:
  m_ObjectHideFlags: 1
  m_PrefabParentObject: {fileID: 0}
  m_PrefabInternal: {fileID: 100100000}
  serializedVersion: 4
  m_Component:
  - 4: {fileID: 406674}
  m_Layer: 0
  m_Name: Bone001
  m_TagString: Untagged
  m_Icon: {fileID: 0}
  m_NavMeshLayer: 0
  m_StaticEditorFlags: 0
  m_IsActive: 1
--- !u!1 &193586
GameObject:
  m_ObjectHideFlags: 1
  m_PrefabParentObject: {fileID: 0}
  m_PrefabInternal: {fileID: 100100000}
  serializedVersion: 4
  m_Component:
  - 4: {fileID: 484718}
  - 137: {fileID: 13726122}
  m_Layer: 0
  m_Name: Cylinder001
  m_TagString: Untagged
  m_Icon: {fileID: 0}
  m_NavMeshLayer: 0
  m_StaticEditorFlags: 0
  m_IsActive: 1
--- !u!4 &406674
Transform:
  m_ObjectHideFlags: 1
  m_PrefabParentObject: {fileID: 0}
  m_PrefabInternal: {fileID: 100100000}
  m_GameObject: {fileID: 165454}
  m_LocalRotation: {x: -0.5, y: 0.5, z: -0.5, w: 0.5}
  m_LocalPosition: {x: -3.0597014e-10, y: 0, z: 0}
  m_LocalScale: {x: 1, y: 1, z: 1}
  m_Children: []
  m_Father: {fileID: 461666}
  m_RootOrder: 0
--- !u!4 &420760
Transform:
  m_ObjectHideFlags: 1
  m_PrefabParentObject: {fileID: 0}
  m_PrefabInternal: {fileID: 100100000}
  m_GameObject: {fileID: 138768}
  m_LocalRotation: {x: -0.49999607, y: 0.500004, z: -0.49999607, w: 0.500004}
  m_LocalPosition: {x: 0.2927955, y: -0.00000006089367, z: 1.3702735}
  m_LocalScale: {x: 1, y: 1, z: 1}
  m_Children: []
  m_Father: {fileID: 461666}
  m_RootOrder: 1
--- !u!4 &461666
Transform:
  m_ObjectHideFlags: 1
  m_PrefabParentObject: {fileID: 0}
  m_PrefabInternal: {fileID: 100100000}
  m_GameObject: {fileID: 131704}
  m_LocalRotation: {x: 0, y: 0, z: 0, w: 1}
  m_LocalPosition: {x: 0.06, y: -0.78, z: -0}
  m_LocalScale: {x: 1, y: 1, z: 1}
  m_Children:
  - {fileID: 406674}
  - {fileID: 420760}
  - {fileID: 467646}
  - {fileID: 484718}
  m_Father: {fileID: 480718}
  m_RootOrder: 0
--- !u!4 &467646
Transform:
  m_ObjectHideFlags: 1
  m_PrefabParentObject: {fileID: 0}
  m_PrefabInternal: {fileID: 100100000}
  m_GameObject: {fileID: 128376}
  m_LocalRotation: {x: -0.7071068, y: 0, z: -0, w: 0.7071068}
  m_LocalPosition: {x: 0.2927955, y: 0.0038332336, z: 1.3702735}
  m_LocalScale: {x: 0.7470352, y: 0.7470352, z: 0.7470352}
  m_Children: []
  m_Father: {fileID: 461666}
  m_RootOrder: 2
--- !u!4 &480718
Transform:
  m_ObjectHideFlags: 1
  m_PrefabParentObject: {fileID: 0}
  m_PrefabInternal: {fileID: 100100000}
  m_GameObject: {fileID: 151976}
  m_LocalRotation: {x: 0, y: 0.9999785, z: 0, w: -0.0065587186}
  m_LocalPosition: {x: 0, y: 0, z: 0}
  m_LocalScale: {x: 0.9, y: 0.9, z: 0.9}
  m_Children:
  - {fileID: 461666}
  m_Father: {fileID: 0}
  m_RootOrder: 0
--- !u!4 &484718
Transform:
  m_ObjectHideFlags: 1
  m_PrefabParentObject: {fileID: 0}
  m_PrefabInternal: {fileID: 100100000}
  m_GameObject: {fileID: 193586}
  m_LocalRotation: {x: 0.000000021855694, y: 0, z: 0, w: 1}
  m_LocalPosition: {x: 0.000000010911135, y: 1.5439305, z: 0.24961776}
  m_LocalScale: {x: 1, y: 0.55408067, z: 1}
  m_Children: []
  m_Father: {fileID: 461666}
  m_RootOrder: 3
--- !u!54 &5429646
Rigidbody:
  m_ObjectHideFlags: 1
  m_PrefabParentObject: {fileID: 0}
  m_PrefabInternal: {fileID: 100100000}
  m_GameObject: {fileID: 151976}
  serializedVersion: 2
  m_Mass: 100
  m_Drag: 0
  m_AngularDrag: 0.05
  m_UseGravity: 1
  m_IsKinematic: 0
  m_Interpolate: 0
  m_Constraints: 122
  m_CollisionDetection: 0
--- !u!65 &6504026
BoxCollider:
  m_ObjectHideFlags: 1
  m_PrefabParentObject: {fileID: 0}
  m_PrefabInternal: {fileID: 100100000}
  m_GameObject: {fileID: 151976}
  m_Material: {fileID: 0}
  m_IsTrigger: 0
  m_Enabled: 1
  serializedVersion: 2
  m_Size: {x: 5, y: 5, z: 8}
  m_Center: {x: 0, y: 1.04, z: 0}
--- !u!82 &8288830
AudioSource:
  m_ObjectHideFlags: 1
  m_PrefabParentObject: {fileID: 0}
  m_PrefabInternal: {fileID: 100100000}
  m_GameObject: {fileID: 151976}
  m_Enabled: 1
  serializedVersion: 4
  OutputAudioMixerGroup: {fileID: 24335676, guid: 8d6811d478ad640a497d90db919f1a45,
    type: 2}
  m_audioClip: {fileID: 0}
  m_PlayOnAwake: 0
  m_Volume: 1
  m_Pitch: 1
  Loop: 0
  Mute: 0
  Spatialize: 0
  Priority: 128
  DopplerLevel: 1
  MinDistance: 1
  MaxDistance: 500
  Pan2D: 0
  rolloffMode: 0
  BypassEffects: 0
  BypassListenerEffects: 0
  BypassReverbZones: 0
  rolloffCustomCurve:
    serializedVersion: 2
    m_Curve:
    - time: 0
      value: 1
      inSlope: 0
      outSlope: 0
      tangentMode: 0
    - time: 1
      value: 0
      inSlope: 0
      outSlope: 0
      tangentMode: 0
    m_PreInfinity: 2
    m_PostInfinity: 2
    m_RotationOrder: 4
  panLevelCustomCurve:
    serializedVersion: 2
    m_Curve:
    - time: 0
      value: 0
      inSlope: 0
      outSlope: 0
      tangentMode: 0
    m_PreInfinity: 2
    m_PostInfinity: 2
    m_RotationOrder: 0
  spreadCustomCurve:
    serializedVersion: 2
    m_Curve:
    - time: 0
      value: 0
      inSlope: 0
      outSlope: 0
      tangentMode: 0
    m_PreInfinity: 2
    m_PostInfinity: 2
    m_RotationOrder: 0
  reverbZoneMixCustomCurve:
    serializedVersion: 2
    m_Curve:
    - time: 0
      value: 1
      inSlope: 0
      outSlope: 0
      tangentMode: 0
    m_PreInfinity: 2
    m_PostInfinity: 2
    m_RotationOrder: 0
--- !u!95 &9578946
Animator:
  serializedVersion: 3
  m_ObjectHideFlags: 1
  m_PrefabParentObject: {fileID: 0}
  m_PrefabInternal: {fileID: 100100000}
  m_GameObject: {fileID: 131704}
  m_Enabled: 1
  m_Avatar: {fileID: 9000000, guid: 7e8d0051b32764687a5f8985f80882c9, type: 3}
  m_Controller: {fileID: 9100000, guid: 5d24010343b8141939483483de5149a6, type: 2}
  m_CullingMode: 1
  m_UpdateMode: 0
  m_ApplyRootMotion: 0
  m_LinearVelocityBlending: 0
  m_WarningMessage: 
  m_HasTransformHierarchy: 1
  m_AllowConstantClipSamplingOptimization: 1
--- !u!114 &11442524
MonoBehaviour:
  m_ObjectHideFlags: 1
  m_PrefabParentObject: {fileID: 0}
  m_PrefabInternal: {fileID: 100100000}
  m_GameObject: {fileID: 151976}
  m_Enabled: 1
  m_EditorHideFlags: 0
  m_Script: {fileID: 11500000, guid: d8fab11951d8246aaa94db599029aa23, type: 3}
  m_Name: 
  m_EditorClassIdentifier: 
  m_index: 0
  m_pressed: 0
  m_audioClips:
  - {fileID: 8300000, guid: 876c17e006e69fc459f478aefbbcd1d2, type: 3}
  - {fileID: 8300000, guid: 4c32a8343bac24a759f6ff24c6b156b2, type: 3}
  - {fileID: 8300000, guid: 2e82742d32dfe49978de6726ea5908ec, type: 3}
  - {fileID: 8300000, guid: 5ebce0a8522e44157944a72c17f4f328, type: 3}
  m_anime: {fileID: 9578946}
  m_audioSource: {fileID: 8288830}
  m_special: 3
  m_score: 100
  m_isPrimed: 0
  m_bombClock:
    m_timeLimit: 0
    m_counter: 0
    m_isDone: 0
    m_isStopped: 0
  m_isAnimeDone: 0
  m_particleList:
  - m_particleType: 0
    m_particle: {fileID: 166818, guid: 8cf86232adb2343898281c2aaf7b271e, type: 2}
  - m_particleType: 1
    m_particle: {fileID: 121048, guid: ea6c7cb24eefe4dfc9ed6be7ab72dfb6, type: 2}
  m_isAnimeRunning: 0
  m_body: {fileID: 131704}
  m_rBody: {fileID: 5429646}
--- !u!114 &11470452
MonoBehaviour:
  m_ObjectHideFlags: 1
  m_PrefabParentObject: {fileID: 0}
  m_PrefabInternal: {fileID: 100100000}
  m_GameObject: {fileID: 151976}
  m_Enabled: 1
  m_EditorHideFlags: 0
  m_Script: {fileID: 11500000, guid: 1122a02ca19d26d428689a55ddd4ae03, type: 3}
  m_Name: 
  m_EditorClassIdentifier: 
  Anim: {fileID: 0}
  RandomCounter: 0
  RanNumb: 0
--- !u!137 &13726122
SkinnedMeshRenderer:
  m_ObjectHideFlags: 1
  m_PrefabParentObject: {fileID: 0}
  m_PrefabInternal: {fileID: 100100000}
  m_GameObject: {fileID: 193586}
  m_Enabled: 1
  m_CastShadows: 1
  m_ReceiveShadows: 1
  m_Materials:
  - {fileID: 2100000, guid: 60de8d8754f674e96892152adbe31c54, type: 2}
  m_SubsetIndices: 
  m_StaticBatchRoot: {fileID: 0}
  m_UseLightProbes: 1
  m_ReflectionProbeUsage: 1
  m_ProbeAnchor: {fileID: 0}
  m_ScaleInLightmap: 1
  m_PreserveUVs: 0
  m_IgnoreNormalsForChartDetection: 0
  m_ImportantGI: 0
  m_MinimumChartSize: 4
  m_AutoUVMaxDistance: 0.5
  m_AutoUVMaxAngle: 89
  m_LightmapParameters: {fileID: 0}
  m_SortingLayerID: 0
  m_SortingOrder: 0
  serializedVersion: 2
  m_Quality: 0
  m_UpdateWhenOffscreen: 0
  m_Mesh: {fileID: 4300000, guid: 7e8d0051b32764687a5f8985f80882c9, type: 3}
  m_Bones:
  - {fileID: 406674}
  m_BlendShapeWeights: []
  m_RootBone: {fileID: 406674}
  m_AABB:
    m_Center: {x: -1.6165419, y: 0.17964208, z: 0.028541565}
    m_Extent: {x: 1.6145506, y: 0.8849145, z: 2.0605416}
  m_DirtyAABB: 0
--- !u!137 &13757418
SkinnedMeshRenderer:
  m_ObjectHideFlags: 1
  m_PrefabParentObject: {fileID: 0}
  m_PrefabInternal: {fileID: 100100000}
  m_GameObject: {fileID: 128376}
  m_Enabled: 1
  m_CastShadows: 1
  m_ReceiveShadows: 1
  m_Materials:
  - {fileID: 2100000, guid: 60de8d8754f674e96892152adbe31c54, type: 2}
  m_SubsetIndices: 
  m_StaticBatchRoot: {fileID: 0}
  m_UseLightProbes: 1
  m_ReflectionProbeUsage: 1
  m_ProbeAnchor: {fileID: 0}
  m_ScaleInLightmap: 1
  m_PreserveUVs: 0
  m_IgnoreNormalsForChartDetection: 0
  m_ImportantGI: 0
  m_MinimumChartSize: 4
  m_AutoUVMaxDistance: 0.5
  m_AutoUVMaxAngle: 89
  m_LightmapParameters: {fileID: 0}
  m_SortingLayerID: 0
  m_SortingOrder: 0
  serializedVersion: 2
  m_Quality: 0
  m_UpdateWhenOffscreen: 0
  m_Mesh: {fileID: 4300002, guid: 7e8d0051b32764687a5f8985f80882c9, type: 3}
  m_Bones:
  - {fileID: 420760}
  m_BlendShapeWeights: []
  m_RootBone: {fileID: 420760}
  m_AABB:
    m_Center: {x: -0.45274287, y: -0.0059045255, z: 0.000000059604645}
    m_Extent: {x: 0.4489097, y: 0.47522774, z: 0.36073947}
  m_DirtyAABB: 0
--- !u!1001 &100100000
Prefab:
  m_ObjectHideFlags: 1
  serializedVersion: 2
  m_Modification:
    m_TransformParent: {fileID: 0}
    m_Modifications:
    - target: {fileID: 0}
      propertyPath: m_particleList.Array.size
      value: 2
      objectReference: {fileID: 0}
    - target: {fileID: 0}
      propertyPath: m_audioClips.Array.data[0]
      value: 
      objectReference: {fileID: 8300000, guid: 876c17e006e69fc459f478aefbbcd1d2, type: 3}
    - target: {fileID: 0}
      propertyPath: m_particleList.Array.data[1].m_particle
      value: 
      objectReference: {fileID: 121048, guid: ea6c7cb24eefe4dfc9ed6be7ab72dfb6, type: 2}
    - target: {fileID: 0}
      propertyPath: m_particleList.Array.data[1].m_particleType
      value: 1
      objectReference: {fileID: 0}
    - target: {fileID: 0}
      propertyPath: m_audioClips.Array.data[1]
      value: 
      objectReference: {fileID: 8300000, guid: 4c32a8343bac24a759f6ff24c6b156b2, type: 3}
    - target: {fileID: 0}
      propertyPath: m_body
      value: 
      objectReference: {fileID: 131704}
    - target: {fileID: 0}
      propertyPath: m_score
      value: 100
      objectReference: {fileID: 0}
    - target: {fileID: 0}
      propertyPath: OutputAudioMixerGroup
      value: 
      objectReference: {fileID: 24335676, guid: 8d6811d478ad640a497d90db919f1a45,
        type: 2}
    - target: {fileID: 0}
      propertyPath: m_UseGravity
      value: 0
      objectReference: {fileID: 0}
    - target: {fileID: 0}
      propertyPath: m_LocalScale.x
      value: .899999976
      objectReference: {fileID: 0}
    - target: {fileID: 0}
      propertyPath: m_LocalScale.y
      value: .899999976
      objectReference: {fileID: 0}
    - target: {fileID: 0}
      propertyPath: m_LocalScale.z
      value: .899999976
      objectReference: {fileID: 0}
    - target: {fileID: 0}
      propertyPath: m_Constraints
      value: 122
      objectReference: {fileID: 0}
    - target: {fileID: 0}
      propertyPath: m_Size.z
      value: 8
      objectReference: {fileID: 0}
    - target: {fileID: 0}
      propertyPath: m_rBody
      value: 
      objectReference: {fileID: 5429646}
    - target: {fileID: 0}
      propertyPath: spreadCustomCurve.m_RotationOrder
      value: 0
      objectReference: {fileID: 0}
    m_RemovedComponents: []
  m_ParentPrefab: {fileID: 0}
  m_RootGameObject: {fileID: 151976}
  m_IsPrefabParent: 1
