%YAML 1.1
%TAG !u! tag:unity3d.com,2011:
--- !u!1 &115984
GameObject:
  m_ObjectHideFlags: 0
  m_PrefabParentObject: {fileID: 0}
  m_PrefabInternal: {fileID: 100100000}
  serializedVersion: 4
  m_Component:
  - 4: {fileID: 494894}
  - 54: {fileID: 5410800}
  - 65: {fileID: 6556324}
  - 114: {fileID: 11462930}
  - 82: {fileID: 8259242}
  - 114: {fileID: 11490888}
  m_Layer: 8
  m_Name: SpaceDrink
  m_TagString: Tile
  m_Icon: {fileID: 0}
  m_NavMeshLayer: 0
  m_StaticEditorFlags: 0
  m_IsActive: 1
--- !u!1 &134970
GameObject:
  m_ObjectHideFlags: 1
  m_PrefabParentObject: {fileID: 0}
  m_PrefabInternal: {fileID: 100100000}
  serializedVersion: 4
  m_Component:
  - 4: {fileID: 430408}
  - 137: {fileID: 13762360}
  m_Layer: 0
  m_Name: Sphere005
  m_TagString: Untagged
  m_Icon: {fileID: 0}
  m_NavMeshLayer: 0
  m_StaticEditorFlags: 0
  m_IsActive: 1
--- !u!1 &149622
GameObject:
  m_ObjectHideFlags: 1
  m_PrefabParentObject: {fileID: 0}
  m_PrefabInternal: {fileID: 100100000}
  serializedVersion: 4
  m_Component:
  - 4: {fileID: 495422}
  m_Layer: 0
  m_Name: Bone003
  m_TagString: Untagged
  m_Icon: {fileID: 0}
  m_NavMeshLayer: 0
  m_StaticEditorFlags: 0
  m_IsActive: 1
--- !u!1 &155916
GameObject:
  m_ObjectHideFlags: 1
  m_PrefabParentObject: {fileID: 0}
  m_PrefabInternal: {fileID: 100100000}
  serializedVersion: 4
  m_Component:
  - 4: {fileID: 419654}
  - 137: {fileID: 13753388}
  m_Layer: 0
  m_Name: Cylinder001
  m_TagString: Untagged
  m_Icon: {fileID: 0}
  m_NavMeshLayer: 0
  m_StaticEditorFlags: 0
  m_IsActive: 1
--- !u!1 &164568
GameObject:
  m_ObjectHideFlags: 1
  m_PrefabParentObject: {fileID: 0}
  m_PrefabInternal: {fileID: 100100000}
  serializedVersion: 4
  m_Component:
  - 4: {fileID: 410048}
  m_Layer: 0
  m_Name: Bone004
  m_TagString: Untagged
  m_Icon: {fileID: 0}
  m_NavMeshLayer: 0
  m_StaticEditorFlags: 0
  m_IsActive: 1
--- !u!1 &167740
GameObject:
  m_ObjectHideFlags: 0
  m_PrefabParentObject: {fileID: 0}
  m_PrefabInternal: {fileID: 100100000}
  serializedVersion: 4
  m_Component:
  - 4: {fileID: 409284}
  - 95: {fileID: 9582874}
  m_Layer: 0
  m_Name: SpaceDrink
  m_TagString: Untagged
  m_Icon: {fileID: 0}
  m_NavMeshLayer: 0
  m_StaticEditorFlags: 0
  m_IsActive: 1
--- !u!1 &168198
GameObject:
  m_ObjectHideFlags: 1
  m_PrefabParentObject: {fileID: 0}
  m_PrefabInternal: {fileID: 100100000}
  serializedVersion: 4
  m_Component:
  - 4: {fileID: 405832}
  - 137: {fileID: 13709990}
  m_Layer: 0
  m_Name: Sphere003
  m_TagString: Untagged
  m_Icon: {fileID: 0}
  m_NavMeshLayer: 0
  m_StaticEditorFlags: 0
  m_IsActive: 1
--- !u!1 &177768
GameObject:
  m_ObjectHideFlags: 1
  m_PrefabParentObject: {fileID: 0}
  m_PrefabInternal: {fileID: 100100000}
  serializedVersion: 4
  m_Component:
  - 4: {fileID: 463186}
  m_Layer: 0
  m_Name: Bone002
  m_TagString: Untagged
  m_Icon: {fileID: 0}
  m_NavMeshLayer: 0
  m_StaticEditorFlags: 0
  m_IsActive: 1
--- !u!1 &178472
GameObject:
  m_ObjectHideFlags: 1
  m_PrefabParentObject: {fileID: 0}
  m_PrefabInternal: {fileID: 100100000}
  serializedVersion: 4
  m_Component:
  - 4: {fileID: 483810}
  - 137: {fileID: 13709166}
  m_Layer: 0
  m_Name: Sphere004
  m_TagString: Untagged
  m_Icon: {fileID: 0}
  m_NavMeshLayer: 0
  m_StaticEditorFlags: 0
  m_IsActive: 1
--- !u!1 &181728
GameObject:
  m_ObjectHideFlags: 1
  m_PrefabParentObject: {fileID: 0}
  m_PrefabInternal: {fileID: 100100000}
  serializedVersion: 4
  m_Component:
  - 4: {fileID: 463610}
  m_Layer: 0
  m_Name: Bone001
  m_TagString: Untagged
  m_Icon: {fileID: 0}
  m_NavMeshLayer: 0
  m_StaticEditorFlags: 0
  m_IsActive: 1
--- !u!4 &405832
Transform:
  m_ObjectHideFlags: 1
  m_PrefabParentObject: {fileID: 0}
  m_PrefabInternal: {fileID: 100100000}
  m_GameObject: {fileID: 168198}
  m_LocalRotation: {x: -0.7071068, y: 0, z: -0, w: 0.7071068}
  m_LocalPosition: {x: 0, y: 0.9355055, z: -9.083088e-10}
  m_LocalScale: {x: 1.4339248, y: 1.4339248, z: 0.52274585}
  m_Children: []
  m_Father: {fileID: 409284}
  m_RootOrder: 3
--- !u!4 &409284
Transform:
  m_ObjectHideFlags: 1
  m_PrefabParentObject: {fileID: 0}
  m_PrefabInternal: {fileID: 100100000}
  m_GameObject: {fileID: 167740}
  m_LocalRotation: {x: 0, y: 0, z: 0, w: 1}
  m_LocalPosition: {x: 0.06, y: -0.78, z: -0}
  m_LocalScale: {x: 1, y: 1, z: 1}
  m_Children:
  - {fileID: 463610}
  - {fileID: 463186}
  - {fileID: 419654}
  - {fileID: 405832}
  - {fileID: 483810}
  - {fileID: 430408}
  m_Father: {fileID: 494894}
  m_RootOrder: 0
--- !u!4 &410048
Transform:
  m_ObjectHideFlags: 1
  m_PrefabParentObject: {fileID: 0}
  m_PrefabInternal: {fileID: 100100000}
  m_GameObject: {fileID: 164568}
  m_LocalRotation: {x: 0.08316036, y: -0.70940644, z: 0.0034959512, w: 0.6998676}
  m_LocalPosition: {x: -1.2964661, y: 0.00000043312323, z: 0.00000014533995}
  m_LocalScale: {x: 0.9999999, y: 0.9999999, z: 0.99999994}
  m_Children: []
  m_Father: {fileID: 463186}
  m_RootOrder: 1
--- !u!4 &419654
Transform:
  m_ObjectHideFlags: 1
  m_PrefabParentObject: {fileID: 0}
  m_PrefabInternal: {fileID: 100100000}
  m_GameObject: {fileID: 155916}
  m_LocalRotation: {x: -0.7071068, y: 0, z: -0, w: 0.7071068}
  m_LocalPosition: {x: 0, y: 0.94869137, z: 0}
  m_LocalScale: {x: 1, y: 1, z: 1}
  m_Children: []
  m_Father: {fileID: 409284}
  m_RootOrder: 2
--- !u!4 &430408
Transform:
  m_ObjectHideFlags: 1
  m_PrefabParentObject: {fileID: 0}
  m_PrefabInternal: {fileID: 100100000}
  m_GameObject: {fileID: 134970}
  m_LocalRotation: {x: -0.7071068, y: 0, z: -0, w: 0.7071068}
  m_LocalPosition: {x: 0, y: 2.3431468, z: -1.3716}
  m_LocalScale: {x: 1, y: 1, z: 1}
  m_Children: []
  m_Father: {fileID: 409284}
  m_RootOrder: 5
--- !u!4 &463186
Transform:
  m_ObjectHideFlags: 1
  m_PrefabParentObject: {fileID: 0}
  m_PrefabInternal: {fileID: 100100000}
  m_GameObject: {fileID: 177768}
  m_LocalRotation: {x: 0.000011208718, y: -0.000011341875, z: -0.7071067, w: 0.7071068}
  m_LocalPosition: {x: -0.00000014533997, y: 0.94825435, z: 0.00000007283092}
  m_LocalScale: {x: 1, y: 1, z: 1}
  m_Children:
  - {fileID: 495422}
  - {fileID: 410048}
  m_Father: {fileID: 409284}
  m_RootOrder: 1
--- !u!4 &463610
Transform:
  m_ObjectHideFlags: 1
  m_PrefabParentObject: {fileID: 0}
  m_PrefabInternal: {fileID: 100100000}
  m_GameObject: {fileID: 181728}
  m_LocalRotation: {x: -0.000002298013, y: 0.0000022980137, z: -0.7071067, w: 0.7071069}
  m_LocalPosition: {x: 0, y: 0, z: 1.600798e-10}
  m_LocalScale: {x: 1, y: 1, z: 1}
  m_Children: []
  m_Father: {fileID: 409284}
  m_RootOrder: 0
--- !u!4 &483810
Transform:
  m_ObjectHideFlags: 1
  m_PrefabParentObject: {fileID: 0}
  m_PrefabInternal: {fileID: 100100000}
  m_GameObject: {fileID: 178472}
  m_LocalRotation: {x: -0.7071068, y: 0, z: -0, w: 0.7071068}
  m_LocalPosition: {x: 0, y: 2.3431468, z: 1.3716}
  m_LocalScale: {x: 1, y: 1, z: 1}
  m_Children: []
  m_Father: {fileID: 409284}
  m_RootOrder: 4
--- !u!4 &494894
Transform:
  m_ObjectHideFlags: 1
  m_PrefabParentObject: {fileID: 0}
  m_PrefabInternal: {fileID: 100100000}
  m_GameObject: {fileID: 115984}
  m_LocalRotation: {x: 0, y: 1, z: 0, w: -0.00000016292068}
  m_LocalPosition: {x: 30.848679, y: 8.455698, z: 87.99712}
  m_LocalScale: {x: 0.9, y: 0.9, z: 0.9}
  m_Children:
  - {fileID: 409284}
  m_Father: {fileID: 0}
  m_RootOrder: 0
--- !u!4 &495422
Transform:
  m_ObjectHideFlags: 1
  m_PrefabParentObject: {fileID: 0}
  m_PrefabInternal: {fileID: 100100000}
  m_GameObject: {fileID: 149622}
  m_LocalRotation: {x: -0.24234158, y: 0.7174572, z: 0.17720623, w: 0.6285887}
  m_LocalPosition: {x: -1.2964661, y: 0.00000043311866, z: -1.7325874e-14}
  m_LocalScale: {x: 1, y: 1, z: 1}
  m_Children: []
  m_Father: {fileID: 463186}
  m_RootOrder: 0
--- !u!54 &5410800
Rigidbody:
  m_ObjectHideFlags: 1
  m_PrefabParentObject: {fileID: 0}
  m_PrefabInternal: {fileID: 100100000}
  m_GameObject: {fileID: 115984}
  serializedVersion: 2
  m_Mass: 100
  m_Drag: 0
  m_AngularDrag: 0.05
  m_UseGravity: 1
  m_IsKinematic: 0
  m_Interpolate: 0
  m_Constraints: 122
  m_CollisionDetection: 0
--- !u!65 &6556324
BoxCollider:
  m_ObjectHideFlags: 1
  m_PrefabParentObject: {fileID: 0}
  m_PrefabInternal: {fileID: 100100000}
  m_GameObject: {fileID: 115984}
  m_Material: {fileID: 0}
  m_IsTrigger: 0
  m_Enabled: 1
  serializedVersion: 2
  m_Size: {x: 5, y: 5, z: 8}
  m_Center: {x: 0, y: 1.04, z: 0}
--- !u!82 &8259242
AudioSource:
  m_ObjectHideFlags: 1
  m_PrefabParentObject: {fileID: 0}
  m_PrefabInternal: {fileID: 100100000}
  m_GameObject: {fileID: 115984}
  m_Enabled: 1
  serializedVersion: 4
  OutputAudioMixerGroup: {fileID: 24335676, guid: 8d6811d478ad640a497d90db919f1a45,
    type: 2}
  m_audioClip: {fileID: 0}
  m_PlayOnAwake: 0
  m_Volume: 1
  m_Pitch: 1
  Loop: 0
  Mute: 0
  Spatialize: 0
  Priority: 128
  DopplerLevel: 1
  MinDistance: 1
  MaxDistance: 500
  Pan2D: 0
  rolloffMode: 0
  BypassEffects: 0
  BypassListenerEffects: 0
  BypassReverbZones: 0
  rolloffCustomCurve:
    serializedVersion: 2
    m_Curve:
    - time: 0
      value: 1
      inSlope: 0
      outSlope: 0
      tangentMode: 0
    - time: 1
      value: 0
      inSlope: 0
      outSlope: 0
      tangentMode: 0
    m_PreInfinity: 2
    m_PostInfinity: 2
    m_RotationOrder: 4
  panLevelCustomCurve:
    serializedVersion: 2
    m_Curve:
    - time: 0
      value: 0
      inSlope: 0
      outSlope: 0
      tangentMode: 0
    m_PreInfinity: 2
    m_PostInfinity: 2
    m_RotationOrder: 0
  spreadCustomCurve:
    serializedVersion: 2
    m_Curve:
    - time: 0
      value: 0
      inSlope: 0
      outSlope: 0
      tangentMode: 0
    m_PreInfinity: 2
    m_PostInfinity: 2
    m_RotationOrder: 0
  reverbZoneMixCustomCurve:
    serializedVersion: 2
    m_Curve:
    - time: 0
      value: 1
      inSlope: 0
      outSlope: 0
      tangentMode: 0
    m_PreInfinity: 2
    m_PostInfinity: 2
    m_RotationOrder: 0
--- !u!95 &9582874
Animator:
  serializedVersion: 3
  m_ObjectHideFlags: 1
  m_PrefabParentObject: {fileID: 0}
  m_PrefabInternal: {fileID: 100100000}
  m_GameObject: {fileID: 167740}
  m_Enabled: 1
  m_Avatar: {fileID: 9000000, guid: 45d42f712da2f4ca094308eba8139761, type: 3}
  m_Controller: {fileID: 9100000, guid: 7b4635476886b4af8a12904fc5d6dca3, type: 2}
  m_CullingMode: 1
  m_UpdateMode: 0
  m_ApplyRootMotion: 0
  m_LinearVelocityBlending: 0
  m_WarningMessage: 
  m_HasTransformHierarchy: 1
  m_AllowConstantClipSamplingOptimization: 1
--- !u!114 &11462930
MonoBehaviour:
  m_ObjectHideFlags: 1
  m_PrefabParentObject: {fileID: 0}
  m_PrefabInternal: {fileID: 100100000}
  m_GameObject: {fileID: 115984}
  m_Enabled: 1
  m_EditorHideFlags: 0
  m_Script: {fileID: 11500000, guid: d8fab11951d8246aaa94db599029aa23, type: 3}
  m_Name: 
  m_EditorClassIdentifier: 
  m_index: 0
  m_pressed: 0
  m_audioClips:
  - {fileID: 8300000, guid: 4ca782e35852742f4852f385a09b7f32, type: 3}
  - {fileID: 8300000, guid: a07802b07e5ef450f8280ca3a7b12bfc, type: 3}
  - {fileID: 8300000, guid: 2e82742d32dfe49978de6726ea5908ec, type: 3}
  - {fileID: 8300000, guid: 5ebce0a8522e44157944a72c17f4f328, type: 3}
  m_anime: {fileID: 9582874}
  m_audioSource: {fileID: 8259242}
  m_special: 6
  m_score: 100
  m_isPrimed: 0
  m_bombClock:
    m_timeLimit: 0
    m_counter: 0
    m_isDone: 0
    m_isStopped: 0
  m_isAnimeDone: 0
  m_particleList:
  - m_particleType: 0
    m_particle: {fileID: 166818, guid: 8cf86232adb2343898281c2aaf7b271e, type: 2}
  - m_particleType: 1
    m_particle: {fileID: 199908, guid: 9cff485c989654d46a4013474027c95e, type: 2}
  m_isAnimeRunning: 0
  m_body: {fileID: 167740}
  m_rBody: {fileID: 5410800}
--- !u!114 &11490888
MonoBehaviour:
  m_ObjectHideFlags: 1
  m_PrefabParentObject: {fileID: 0}
  m_PrefabInternal: {fileID: 100100000}
  m_GameObject: {fileID: 115984}
  m_Enabled: 1
  m_EditorHideFlags: 0
  m_Script: {fileID: 11500000, guid: 1122a02ca19d26d428689a55ddd4ae03, type: 3}
  m_Name: 
  m_EditorClassIdentifier: 
  Anim: {fileID: 0}
  RandomCounter: 0
  RanNumb: 0
--- !u!137 &13709166
SkinnedMeshRenderer:
  m_ObjectHideFlags: 1
  m_PrefabParentObject: {fileID: 0}
  m_PrefabInternal: {fileID: 100100000}
  m_GameObject: {fileID: 178472}
  m_Enabled: 1
  m_CastShadows: 1
  m_ReceiveShadows: 1
  m_Materials:
  - {fileID: 2100000, guid: 043adeddf1b8c4e0ea3f55b96f3d408e, type: 2}
  m_SubsetIndices: 
  m_StaticBatchRoot: {fileID: 0}
  m_UseLightProbes: 1
  m_ReflectionProbeUsage: 1
  m_ProbeAnchor: {fileID: 0}
  m_ScaleInLightmap: 1
  m_PreserveUVs: 0
  m_IgnoreNormalsForChartDetection: 0
  m_ImportantGI: 0
  m_MinimumChartSize: 4
  m_AutoUVMaxDistance: 0.5
  m_AutoUVMaxAngle: 89
  m_LightmapParameters: {fileID: 0}
  m_SortingLayerID: 0
  m_SortingOrder: 0
  serializedVersion: 2
  m_Quality: 0
  m_UpdateWhenOffscreen: 0
  m_Mesh: {fileID: 4300004, guid: 45d42f712da2f4ca094308eba8139761, type: 3}
  m_Bones:
  - {fileID: 495422}
  m_BlendShapeWeights: []
  m_RootBone: {fileID: 495422}
  m_AABB:
    m_Center: {x: -1.3715798, y: 0.005338013, z: -0.0053281784}
    m_Extent: {x: 0.1142987, y: 0.11429934, z: 0.11429936}
  m_DirtyAABB: 0
--- !u!137 &13709990
SkinnedMeshRenderer:
  m_ObjectHideFlags: 1
  m_PrefabParentObject: {fileID: 0}
  m_PrefabInternal: {fileID: 100100000}
  m_GameObject: {fileID: 168198}
  m_Enabled: 1
  m_CastShadows: 1
  m_ReceiveShadows: 1
  m_Materials:
  - {fileID: 2100000, guid: 043adeddf1b8c4e0ea3f55b96f3d408e, type: 2}
  m_SubsetIndices: 
  m_StaticBatchRoot: {fileID: 0}
  m_UseLightProbes: 1
  m_ReflectionProbeUsage: 1
  m_ProbeAnchor: {fileID: 0}
  m_ScaleInLightmap: 1
  m_PreserveUVs: 0
  m_IgnoreNormalsForChartDetection: 0
  m_ImportantGI: 0
  m_MinimumChartSize: 4
  m_AutoUVMaxDistance: 0.5
  m_AutoUVMaxAngle: 89
  m_LightmapParameters: {fileID: 0}
  m_SortingLayerID: 0
  m_SortingOrder: 0
  serializedVersion: 2
  m_Quality: 0
  m_UpdateWhenOffscreen: 0
  m_Mesh: {fileID: 4300002, guid: 45d42f712da2f4ca094308eba8139761, type: 3}
  m_Bones:
  - {fileID: 463610}
  m_BlendShapeWeights: []
  m_RootBone: {fileID: 463610}
  m_AABB:
    m_Center: {x: -0.476278, y: 0, z: 0}
    m_Extent: {x: 0.59304434, y: 1.3948357, z: 1.3948357}
  m_DirtyAABB: 0
--- !u!137 &13753388
SkinnedMeshRenderer:
  m_ObjectHideFlags: 1
  m_PrefabParentObject: {fileID: 0}
  m_PrefabInternal: {fileID: 100100000}
  m_GameObject: {fileID: 155916}
  m_Enabled: 1
  m_CastShadows: 1
  m_ReceiveShadows: 1
  m_Materials:
  - {fileID: 2100000, guid: 043adeddf1b8c4e0ea3f55b96f3d408e, type: 2}
  m_SubsetIndices: 
  m_StaticBatchRoot: {fileID: 0}
  m_UseLightProbes: 1
  m_ReflectionProbeUsage: 1
  m_ProbeAnchor: {fileID: 0}
  m_ScaleInLightmap: 1
  m_PreserveUVs: 0
  m_IgnoreNormalsForChartDetection: 0
  m_ImportantGI: 0
  m_MinimumChartSize: 4
  m_AutoUVMaxDistance: 0.5
  m_AutoUVMaxAngle: 89
  m_LightmapParameters: {fileID: 0}
  m_SortingLayerID: 0
  m_SortingOrder: 0
  serializedVersion: 2
  m_Quality: 0
  m_UpdateWhenOffscreen: 0
  m_Mesh: {fileID: 4300000, guid: 45d42f712da2f4ca094308eba8139761, type: 3}
  m_Bones:
  - {fileID: 463186}
  m_BlendShapeWeights: []
  m_RootBone: {fileID: 463186}
  m_AABB:
    m_Center: {x: -1.9381572, y: 0, z: -0.00000011920929}
    m_Extent: {x: 1.9377202, y: 1.0067455, z: 1.0067456}
  m_DirtyAABB: 0
--- !u!137 &13762360
SkinnedMeshRenderer:
  m_ObjectHideFlags: 1
  m_PrefabParentObject: {fileID: 0}
  m_PrefabInternal: {fileID: 100100000}
  m_GameObject: {fileID: 134970}
  m_Enabled: 1
  m_CastShadows: 1
  m_ReceiveShadows: 1
  m_Materials:
  - {fileID: 2100000, guid: 043adeddf1b8c4e0ea3f55b96f3d408e, type: 2}
  m_SubsetIndices: 
  m_StaticBatchRoot: {fileID: 0}
  m_UseLightProbes: 1
  m_ReflectionProbeUsage: 1
  m_ProbeAnchor: {fileID: 0}
  m_ScaleInLightmap: 1
  m_PreserveUVs: 0
  m_IgnoreNormalsForChartDetection: 0
  m_ImportantGI: 0
  m_MinimumChartSize: 4
  m_AutoUVMaxDistance: 0.5
  m_AutoUVMaxAngle: 89
  m_LightmapParameters: {fileID: 0}
  m_SortingLayerID: 0
  m_SortingOrder: 0
  serializedVersion: 2
  m_Quality: 0
  m_UpdateWhenOffscreen: 0
  m_Mesh: {fileID: 4300006, guid: 45d42f712da2f4ca094308eba8139761, type: 3}
  m_Bones:
  - {fileID: 410048}
  m_BlendShapeWeights: []
  m_RootBone: {fileID: 410048}
  m_AABB:
    m_Center: {x: -1.3715899, y: 0.0038388819, z: -0.0038490668}
    m_Extent: {x: 0.1142987, y: 0.11429934, z: 0.11429938}
  m_DirtyAABB: 0
--- !u!1001 &100100000
Prefab:
  m_ObjectHideFlags: 1
  serializedVersion: 2
  m_Modification:
    m_TransformParent: {fileID: 0}
    m_Modifications:
    - target: {fileID: 0}
      propertyPath: m_particleList.Array.size
      value: 2
      objectReference: {fileID: 0}
    - target: {fileID: 0}
      propertyPath: m_audioClips.Array.data[0]
      value: 
      objectReference: {fileID: 8300000, guid: 9051a9a0d7ba6924c93ceff90959b488, type: 3}
    - target: {fileID: 0}
      propertyPath: m_particleList.Array.data[1].m_particleType
      value: 1
      objectReference: {fileID: 0}
    - target: {fileID: 0}
      propertyPath: m_particleList.Array.data[1].m_particle
      value: 
      objectReference: {fileID: 199908, guid: 9cff485c989654d46a4013474027c95e, type: 2}
    - target: {fileID: 0}
      propertyPath: m_body
      value: 
      objectReference: {fileID: 167740}
    - target: {fileID: 0}
      propertyPath: m_score
      value: 100
      objectReference: {fileID: 0}
    - target: {fileID: 0}
      propertyPath: m_audioClips.Array.data[1]
      value: 
      objectReference: {fileID: 8300000, guid: 1fc84f66724ca8346a58f0205fe40d80, type: 3}
    - target: {fileID: 0}
      propertyPath: OutputAudioMixerGroup
      value: 
      objectReference: {fileID: 24335676, guid: 8d6811d478ad640a497d90db919f1a45,
        type: 2}
    - target: {fileID: 0}
      propertyPath: m_UseGravity
      value: 0
      objectReference: {fileID: 0}
    - target: {fileID: 0}
      propertyPath: m_LocalScale.x
      value: .899999976
      objectReference: {fileID: 0}
    - target: {fileID: 0}
      propertyPath: m_LocalScale.y
      value: .899999976
      objectReference: {fileID: 0}
    - target: {fileID: 0}
      propertyPath: m_LocalScale.z
      value: .899999976
      objectReference: {fileID: 0}
    - target: {fileID: 0}
      propertyPath: m_Constraints
      value: 122
      objectReference: {fileID: 0}
    - target: {fileID: 0}
      propertyPath: m_Size.z
      value: 8
      objectReference: {fileID: 0}
    - target: {fileID: 0}
      propertyPath: m_rBody
      value: 
      objectReference: {fileID: 5410800}
    - target: {fileID: 0}
      propertyPath: spreadCustomCurve.m_RotationOrder
      value: 0
      objectReference: {fileID: 0}
    m_RemovedComponents: []
  m_ParentPrefab: {fileID: 0}
  m_RootGameObject: {fileID: 115984}
  m_IsPrefabParent: 1
